<record><leader>00000cas a22000007a 4500</leader><controlfield tag="001">17536750</controlfield><controlfield tag="008">880225d196419uuohuwr ne      0    0eng d</controlfield><datafield ind1=" " ind2=" " tag="010"><subfield code="a">sn 88077169 </subfield></datafield><datafield ind1=" " ind2=" " tag="040"><subfield code="a">ONP</subfield><subfield code="b">eng</subfield><subfield code="c">ONP</subfield><subfield code="d">OCLCQ</subfield></datafield><datafield ind1=" " ind2=" " tag="042"><subfield code="a">msc</subfield></datafield><datafield ind1="0" ind2="0" tag="245"><subfield code="a">Drummer news.</subfield></datafield><datafield ind1="3" ind2="0" tag="246"><subfield code="a">Community drummer news</subfield></datafield><datafield ind1="3" ind2="0" tag="246"><subfield code="a">Community drummer</subfield></datafield><datafield ind1=" " ind2=" " tag="260"><subfield code="a">Vandalia, Ohio :</subfield><subfield code="b">[s.n.]</subfield></datafield><datafield ind1=" " ind2=" " tag="300"><subfield code="a">v.</subfield></datafield><datafield ind1=" " ind2=" " tag="310"><subfield code="a">Weekly</subfield></datafield><datafield ind1="1" ind2=" " tag="362"><subfield code="a">Began in 1964.</subfield></datafield><datafield ind1=" " ind2=" " tag="500"><subfield code="a">Published as: Community drummer news, Jan. 25, 1978-&lt;May 24, 1978&gt;.</subfield></datafield><datafield ind1=" " ind2=" " tag="500"><subfield code="a">Published as: Community drummer, &lt;Dec. 20, 1972-June 6, 1973&gt;.</subfield></datafield><datafield ind1=" " ind2=" " tag="588"><subfield code="a">Description based on: Vol. 9, no. 32 (Dec. 20, 1972).</subfield></datafield><datafield ind1=" " ind2="4" tag="651"><subfield code="a">Vandalia (Ohio)</subfield><subfield code="v">Newspapers.</subfield></datafield><datafield ind1=" " ind2="4" tag="651"><subfield code="a">Montgomery (Ohio)</subfield><subfield code="v">Newspapers.</subfield></datafield><datafield ind1=" " ind2=" " tag="752"><subfield code="a">United States</subfield><subfield code="b">Ohio</subfield><subfield code="c">Montgomery</subfield><subfield code="d">Vandalia.</subfield></datafield><datafield ind1="0" ind2="0" tag="785"><subfield code="t">Vandalia drummer news</subfield><subfield code="w">(DLC)sn 88077168</subfield></datafield><datafield ind1="1" ind2=" " tag="029"><subfield code="a">AU@</subfield><subfield code="b">000025841444</subfield></datafield></record>